<marc:record xmlns:marc="http://www.loc.gov/MARC21/slim" xmlns:xsi="http://www.w3.org/2001/XMLSchema-instance" xsi:schemaLocation="http://www.loc.gov/MARC21/slim http://www.loc.gov/standards/marcxml/schema/MARC21slim.xsd">
  <marc:leader>     nam a2200217   4500</marc:leader>
  <marc:controlfield tag="001">001680852</marc:controlfield>
  <marc:controlfield tag="003">NNU</marc:controlfield>
  <marc:controlfield tag="005">20001218225722.0</marc:controlfield>
  <marc:controlfield tag="008">891019s1967    iq            00  0 ara  </marc:controlfield>
  <marc:datafield tag="010" ind1=" " ind2=" ">
    <marc:subfield code="a">71244530</marc:subfield>
  </marc:datafield>
  <marc:datafield tag="035" ind1="9" ind2=" ">
    <marc:subfield code="a">NYUb12224256</marc:subfield>
  </marc:datafield>
  <marc:datafield tag="035" ind1=" " ind2=" ">
    <marc:subfield code="a">(CStRLIN)DCGGB15215714-B</marc:subfield>
  </marc:datafield>
  <marc:datafield tag="100" ind1="1" ind2=" ">
    <marc:subfield code="a">Samāwī, Aḥmad al-Shaykh ʻAbd al-Ḥamīd.</marc:subfield>
  </marc:datafield>
  <marc:datafield tag="245" ind1="1" ind2="0">
    <marc:subfield code="a">Maʻa Īlīyā Abū Māḍī fī ṭalasimihi :</marc:subfield>
    <marc:subfield code="b">wa-huwa sharḥ li-Manẓūmat ʻAbd al-Ḥamīd al-Samāwī allatī radda bi-hā Ṭalāsim Īlīyā Abū Māḍī /</marc:subfield>
    <marc:subfield code="c">Aḥmad al-Shaykh ʻAbd al-Ḥamīd al-Samāwī.</marc:subfield>
  </marc:datafield>
  <marc:datafield tag="260" ind1=" " ind2=" ">
    <marc:subfield code="a">Najf :</marc:subfield>
    <marc:subfield code="b">Maṭbaʻat al-Nuʻmān,</marc:subfield>
    <marc:subfield code="c">1967.</marc:subfield>
  </marc:datafield>
  <marc:datafield tag="300" ind1=" " ind2=" ">
    <marc:subfield code="a">243 p. ;</marc:subfield>
    <marc:subfield code="c">25 cm.</marc:subfield>
  </marc:datafield>
  <marc:datafield tag="500" ind1=" " ind2=" ">
    <marc:subfield code="a">Cover title.</marc:subfield>
  </marc:datafield>
  <marc:datafield tag="600" ind1="1" ind2="0">
    <marc:subfield code="a">Abū Māḍī, Īlīyā,</marc:subfield>
    <marc:subfield code="d">1889-1957.</marc:subfield>
    <marc:subfield code="t">Ṭalāsim.</marc:subfield>
  </marc:datafield>
  <marc:datafield tag="700" ind1="1" ind2=" ">
    <marc:subfield code="a">Samāwī, ʻAbd al-Ḥamīd.</marc:subfield>
    <marc:subfield code="t">Manẓūmah.</marc:subfield>
    <marc:subfield code="f">1967.</marc:subfield>
  </marc:datafield>
  <marc:datafield tag="950" ind1=" " ind2=" ">
    <marc:subfield code="l">BMAIN</marc:subfield>
    <marc:subfield code="a">PJ7808.M3</marc:subfield>
    <marc:subfield code="b">T338 1968</marc:subfield>
  </marc:datafield>
  <marc:datafield tag="955" ind1=" " ind2=" ">
    <marc:subfield code="l">BMAIN</marc:subfield>
    <marc:subfield code="c">1</marc:subfield>
    <marc:subfield code="r">028866815</marc:subfield>
  </marc:datafield>
  <marc:datafield tag="998" ind1=" " ind2=" ">
    <marc:subfield code="s">9115</marc:subfield>
  </marc:datafield>
</marc:record>
